% bibliografia do TCC

% ROBÓTICA MÓVEL:

@misc{marketsmarkets,
  title = {Mobile Robots Market by Environment (Aerial, Ground, and Marine), Component (Hardware and Software), Application (Professional Service and Personal Service), and Geography (North America, Europe, Asia-Pacific, and the RoW) - Global Forecast to 2020},
  howpublished = {\url{http://www.marketsandmarkets.com/Market-Reports/mobile-robots-market-43703276.html}},
  note = {Acessado em 27/09/2017},
  author = {Markets and Markets},
  year = 2015
}

@incollection{chen2009mobiles,
  title={Mobiles Robots-Past Present and Future},
  author={Chen, XQ and Chen, YQ and Chase, JG},
  booktitle={Mobile Robots-State of the Art in Land, Sea, Air, and Collaborative Missions},
  year={2009},
  publisher={Intech}
}

@article{muir1987kinematic,
  title={Kinematic modeling of wheeled mobile robots},
  author={Muir, Patrick F and Neuman, Charles P},
  journal={Journal of Field Robotics},
  volume={4},
  number={2},
  pages={281--340},
  year={1987},
  publisher={Wiley Online Library}
}

@inproceedings{killough1992design,
  title={Design of an omnidirectional and holonomic wheeled platform prototype},
  author={Killough, Stephen M and Pin, Fran{\c{c}}ois G},
  booktitle={Robotics and Automation, 1992. Proceedings., 1992 IEEE International Conference on},
  pages={84--90},
  year={1992},
  organization={IEEE}
}

@inproceedings{parker2000current,
  title={Current State of the Art in Distributed Autnomous Mobile Robotics.},
  author={Parker, Lynne E and others},
  booktitle={DARS},
  pages={3--14},
  year={2000}
}

@article{marques2012state,
  title={State of the art review on mobile robots and manipulators for humanitarian demining},
  author={Marques, L and De Almeida, AT and Armada, M and Fern{\'a}ndez, R and Montes, H and Gonz{\'a}lez, P and Baudoin, Y},
  journal={IARP WS on Humanitarian Demining},
  pages={2--8},
  year={2012}
}

@article{shneier2015literature,
  title={Literature review of mobile robots for manufacturing},
  author={Shneier, Michael and Bostelman, Roger},
  journal={National Institute of Standards and Technology, US Department of Commerce},
  year={2015}
}

@article{thrun2002probabilistic,
  title={Probabilistic robotics},
  author={Thrun, Sebastian},
  journal={Communications of the ACM},
  volume={45},
  number={3},
  pages={52--57},
  year={2002},
  publisher={ACM}
}
% MODELAGEM e CONTROLE de OMNIWHEELS:

@phdthesis{ritter2016modelagem,
  author       = {Ritter, G A},
  title        = {Modelo genérico de plataforma robótica omnidirecional em código aberto},
  school       = {UNISC},
  year         = 2016,
  address      = {Santa Cruz do Sul, RS},
  note         = {Trabalho de Conclusão de Curso de Engenharia de Computação}
}

@article{rojas2006holonomic,
  title={Holonomic control of a robot with an omnidirectional drive},
  author={Rojas, Raul and F{\"o}rster, Alexander Gloye},
  journal={KI-K{\"u}nstliche Intelligenz},
  volume={20},
  number={2},
  pages={12--17},
  year={2006}
}

@article{pin1994new,
  title={A new family of omnidirectional and holonomic wheeled platforms for mobile robots},
  author={Pin, Francois G and Killough, Stephen M},
  journal={IEEE transactions on robotics and automation},
  volume={10},
  number={4},
  pages={480--489},
  year={1994},
  publisher={IEEE}
}

@article{balakrishna1995modeling,
  title={Modeling of slip for wheeled mobile robots},
  author={Balakrishna, R and Ghosal, Ashitava},
  journal={IEEE Transactions on Robotics and Automation},
  volume={11},
  number={1},
  pages={126--132},
  year={1995},
  publisher={IEEE}
}

@inproceedings{takemura2007development,
  title={Development of “Hibikino-Musashi” omni-directional mobile robot},
  author={Takemura, Yasunori and Sanada, Atsushi and Ichinose, Takaaki and Nakano, Yuusuke and Nassiraei, Amir AF and Azeura, Kazuto and Kitazumi, Yuichi and Ogawa, Yu and Godler, Ivan and Ishii, Kazuo and others},
  booktitle={International Congress Series},
  volume={1301},
  pages={201--205},
  year={2007},
  organization={Elsevier}
}

@article{campion1996structural,
  title={Structural properties and classification of kinematic and dynamic models of wheeled mobile robots},
  author={Campion, Guy and Bastin, Georges and Dandrea-Novel, Brigitte},
  journal={IEEE transactions on robotics and automation},
  volume={12},
  number={1},
  pages={47--62},
  year={1996},
  publisher={IEEE}
}

@inproceedings{asama1995development,
  title={Development of an omni-directional mobile robot with 3 DOF decoupling drive mechanism},
  author={Asama, Hajime and Sato, Masatoshi and Bogoni, Luca and Kaetsu, Hayato and Mitsumoto, A and Endo, Isao},
  booktitle={Robotics and Automation, 1995. Proceedings., 1995 IEEE International Conference on},
  volume={2},
  pages={1925--1930},
  year={1995},
  organization={IEEE}
}

@article{williams2002dynamic,
  title={Dynamic model with slip for wheeled omnidirectional robots},
  author={Williams, Robert L and Carter, Brian E and Gallina, Paolo and Rosati, Giulio},
  journal={IEEE transactions on Robotics and Automation},
  volume={18},
  number={3},
  pages={285--293},
  year={2002},
  publisher={IEEE}
}

@inproceedings{loh2003mechatronics,
  title={Mechatronics design and kinematic modelling of a singularityless omni-directional wheeled mobile robot},
  author={Loh, WK and Low, Kin Huat and Leow, YP},
  booktitle={Robotics and Automation, 2003. Proceedings. ICRA'03. IEEE International Conference on},
  volume={3},
  pages={3237--3242},
  year={2003},
  organization={IEEE}
}

@article{holmberg2000development,
  title={Development and control of a holonomic mobile robot for mobile manipulation tasks},
  author={Holmberg, Robert and Khatib, Oussama},
  journal={The International Journal of Robotics Research},
  volume={19},
  number={11},
  pages={1066--1074},
  year={2000},
  publisher={SAGE Publications}
}

@article{indiveri2009swedish,
  title={Swedish wheeled omnidirectional mobile robots: Kinematics analysis and control},
  author={Indiveri, Giovanni},
  number={1},
  pages={164--171},
  year={2009},
  publisher={IEEE}
}

@article{treesatayapun2011discrete,
  title={A discrete-time stable controller for an omni-directional mobile robot based on an approximated model},
  author={Treesatayapun, Chidentree},
  journal={Control Engineering Practice},
  volume={19},
  number={2},
  pages={194--203},
  year={2011},
  publisher={Elsevier}
}

@inproceedings{yao2010advanced,
  title={Advanced motion control: from classical PID to nonlinear adaptive robust control},
  author={Yao, Bin and Jiang, Chang},
  booktitle={Advanced Motion Control, 2010 11th IEEE International Workshop on},
  pages={815--829},
  year={2010},
  organization={IEEE}
}
@article{watanabe1998feedback,

  title={Feedback control of an omnidirectional autonomous platform for mobile service robots},
  author={Watanabe, Keigo and Shiraishi, Yamato and Tzafestas, Spyros G and Tang, Jun and Fukuda, Toshio},
  journal={Journal of Intelligent and Robotic Systems},
  volume={22},
  number={3-4},
  pages={315--330},
  year={1998},
  publisher={Springer}
}

@inproceedings{ashmore2002omni,
  title={Omni-drive robot motion on curved paths: The fastest path between two points is not a straight-line},
  author={Ashmore, Mark and Barnes, Nick},
  booktitle={Australian Joint Conference on Artificial Intelligence},
  pages={225--236},
  year={2002},
  organization={Springer}
}

@incollection{li2009motion,
  title={Motion control of an omnidirectional mobile robot},
  author={Li, Xiang and Zell, Andreas},
  booktitle={Informatics in Control, Automation and Robotics},
  pages={181--193},
  year={2009},
  publisher={Springer}
}

@article{song2009steering,
  title={Steering control algorithm for efficient drive of a mobile robot with steerable omni-directional wheels},
  author={Song, Jae-Bok and Byun, Kyung-Seok},
  journal={Journal of mechanical science and technology},
  volume={23},
  number={10},
  pages={2747--2756},
  year={2009},
  publisher={Springer}
}

% ODOMETRIA e TRAJECTORY PLANNING e LOCALIZAÇÃO:

@inproceedings{gutmann1998experimental,
  title={An experimental comparison of localization methods},
  author={Gutmann, J-S and Burgard, Wolfram and Fox, Dieter and Konolige, Kurt},
  booktitle={Intelligent Robots and Systems, 1998. Proceedings., 1998 IEEE/RSJ International Conference on},
  volume={2},
  pages={736--743},
  year={1998},
  organization={IEEE}
}

@article{lowcostIMU,
  author = {Carrasco, M. M. and da Silva, A. L.},
  title = {Attitude Determination for Low Cost IMU and Processor Board using the Methods of TRIAD, Kalman Filter and Allan Variance},
  journal = {Revista Brasileira de Iniciação Científica},
  volume = {3},
  number = {2},
  pages = {26--41},
  year = {2016},
}

@article{kim2014minenergy,
  title={Online minimum-energy trajectory planning and control on a straight-line path for three-wheeled omnidirectional mobile robots},
  author={Kim, Hongjun and Kim, Byung Kook},
  journal={IEEE Transactions on industrial electronics},
  volume={61},
  number={9},
  pages={4771--4779},
  year={2014},
  publisher={IEEE}
}

@article{garcia2015gyro,
  title={Self-calibration of a differential wheeled robot using only a gyroscope and a distance sensor},
  author={Garcia-Saura, Carlos},
  journal={arXiv preprint arXiv:1509.02154},
  year={2015}
}

@Book{Anderson:1979,
  Author         = "BDO Anderson and JB Moore",
  Title          = "{Optimal Filtering}",
  Publisher      = "Prentice-Hall",
  Address        = "Englewood Cliffs, NJ",
  year           = 1979
}

@inproceedings{feng1989servo,
  title={The servo-control system for an omnidirectional mobile robot},
  author={Feng, Dai and Friedman, Mark B and Krogh, Bruce H},
  booktitle={Robotics and Automation, 1989. Proceedings., 1989 IEEE International Conference on},
  pages={1566--1571},
  year={1989},
  organization={IEEE}
}

% usando laser (exemplo do q eu não quero)
@inproceedings{rohrig2010laser,
  title={Localization of an omnidirectional transport robot using IEEE 802.15. 4a ranging and laser range finder},
  author={R{\"o}hrig, Christof and He{\ss}, Daniel and Kirsch, Christopher and K{\"u}nemund, Frank},
  booktitle={Intelligent Robots and Systems (IROS), 2010 IEEE/RSJ International Conference on},
  pages={3798--3803},
  year={2010},
  organization={IEEE}
}

% redes neurais. será??
@inproceedings{oubbati2005velocity,
  title={Velocity control of an omnidirectional robocup player with recurrent neural networks},
  author={Oubbati, Mohamed and Schanz, Michael and Buchheim, Thorsten and Levi, Paul},
  booktitle={RoboCup},
  pages={691--701},
  year={2005},
  organization={Springer}
}

@inproceedings{oubbati2005kinematic,
  title={Kinematic and dynamic adaptive control of a nonholonomic mobile robot using a RNN},
  author={Oubbati, Mohamed and Schanz, Michael and Levi, Paul},
  booktitle={Computational Intelligence in Robotics and Automation, 2005. CIRA 2005. Proceedings. 2005 IEEE International Symposium on},
  pages={27--33},
  year={2005},
  organization={IEEE}
}

% caso um dia a gente venha a falar de obstaculos
@article{galicki2009collision,
  title={Collision-free control of an omni-directional vehicle},
  author={Galicki, Miros{\l}aw},
  journal={Robotics and Autonomous Systems},
  volume={57},
  number={9},
  pages={889--900},
  year={2009},
  publisher={Elsevier}
}

@phdthesis{eng2010state,
  title={State estimation for a holonomic omniwheel robot using a particle filter},
  author={Eng, Donald S},
  year={2010},
  school={Massachusetts Institute of Technology}
}

@article{samani2007comprehensive,
  title={Comprehensive omni-directional soccer player robots},
  author={Samani, Hooman Aghaebrahimi and Abdollahi, A and Ostadi, H and DaneshPanah, M},
  journal={International Journal of Advanced Robotic Systems},
  year={2007}
}

@article{ginzburg2013indoor,
  title={Indoor localization of an omni-directional wheeled mobile robot},
  author={Ginzburg, Sasha and Nokleby, Scott},
  journal={Transactions of the Canadian Society for Mechanical Engineering. Canada},
  volume={37},
  pages={1043--1056},
  year={2013}
}

@inproceedings{steinhoff2010pocket,
  title={Dead reckoning from the pocket-an experimental study},
  author={Steinhoff, Ulrich and Schiele, Bernt},
  booktitle={Pervasive Computing and Communications (PerCom), 2010 IEEE International Conference on},
  pages={162--170},
  year={2010},
  organization={IEEE}
}

@inproceedings{chung2001sensor,
  title={Sensor fusion for mobile robot dead-reckoning with a precision-calibrated fiber optic gyroscope},
  author={Chung, Hakyoung and Ojeda, Lauro and Borenstein, Johann},
  booktitle={Robotics and Automation, 2001. Proceedings 2001 ICRA. IEEE International Conference on},
  volume={4},
  pages={3588--3593},
  year={2001},
  organization={IEEE}
}

@article{borenstein1997mobile,
  title={Mobile robot positioning: Sensors and techniques},
  author={Borenstein, Johann and Everett, Hobart R and Feng, Liqiang and Wehe, David K},
  year={1997},
  publisher={John Wiley \& Sons, Inc.}
}

@inproceedings{jimenez2009comparison,
  title={A comparison of pedestrian dead-reckoning algorithms using a low-cost MEMS IMU},
  author={Jimenez, Antonio R and Seco, Fernando and Prieto, Carlos and Guevara, Jorge},
  booktitle={Intelligent Signal Processing, 2009. WISP 2009. IEEE International Symposium on},
  pages={37--42},
  year={2009},
  organization={IEEE}
}

@inproceedings{bonarini2004kinematic,
  title={A kinematic-independent dead-reckoning sensor for indoor mobile robotics},
  author={Bonarini, Andrea and Matteucci, Matteo and Restelli, Marcello},
  booktitle={Intelligent Robots and Systems, 2004.(IROS 2004). Proceedings. 2004 IEEE/RSJ International Conference on},
  volume={4},
  pages={3750--3755},
  year={2004},
  organization={IEEE}
}

@inproceedings{krakiwsky1988kalman,
  title={A Kalman filter for integrating dead reckoning, map matching and GPS positioning},
  author={Krakiwsky, Edward J and Harris, Clyde B and Wong, Richard VC},
  booktitle={Position Location and Navigation Symposium, 1988. Record. Navigation into the 21st Century. IEEE PLANS'88., IEEE},
  pages={39--46},
  year={1988},
  organization={IEEE}
}

@inproceedings{park1996dead,
  title={Dead reckoning navigation of a mobile robot using an indirect Kalman filter},
  author={Park, KyuCheol and Chung, Dohyoung and Chung, Hakyoung and Lee, Jang Gyu},
  booktitle={Multisensor Fusion and Integration for Intelligent Systems, 1996. IEEE/SICE/RSJ International Conference on},
  pages={132--138},
  year={1996},
  organization={IEEE}
}

% SOFTWARE:

@inproceedings{panich2008mobile,
  title={A mobile robot with a inter-integrated circuit system},
  author={Panich, Surachai},
  booktitle={Control, Automation, Robotics and Vision, 2008. ICARCV 2008. 10th International Conference on},
  pages={2010--2014},
  year={2008},
  organization={IEEE}
}

@inproceedings{graefenstein2008robust,
  title={Robust method for outdoor localization of a mobile robot using received signal strength in low power wireless networks},
  author={Graefenstein, Juergen and Bouzouraa, M Essayed},
  booktitle={Robotics and Automation, 2008. ICRA 2008. IEEE International Conference on},
  pages={33--38},
  year={2008},
  organization={IEEE}
}

@article{palacin2004building,
  title={Building a mobile robot for a floor-cleaning operation in domestic environments},
  author={Palacin, Jordi and Salse, Jose Antonio and Valganon, Ignasi and Clua, Xavi},
  journal={IEEE Transactions on instrumentation and measurement},
  volume={53},
  number={5},
  pages={1418--1424},
  year={2004},
  publisher={IEEE}
}

@inproceedings{bonani2010marxbot,
  title={The marXbot, a miniature mobile robot opening new perspectives for the collective-robotic research},
  author={Bonani, Michael and Longchamp, Valentin and Magnenat, St{\'e}phane and R{\'e}tornaz, Philippe and Burnier, Daniel and Roulet, Gilles and Vaussard, Florian and Bleuler, Hannes and Mondada, Francesco},
  booktitle={Intelligent Robots and Systems (IROS), 2010 IEEE/RSJ International Conference on},
  pages={4187--4193},
  year={2010},
  organization={IEEE}
}

@inproceedings{sibley2002robomote,
  title={Robomote: A tiny mobile robot platform for large-scale ad-hoc sensor networks},
  author={Sibley, Gabriel T and Rahimi, Mohammad H and Sukhatme, Gaurav S},
  booktitle={Robotics and Automation, 2002. Proceedings. ICRA'02. IEEE International Conference on},
  volume={2},
  pages={1143--1148},
  year={2002},
  organization={IEEE}
}

@article{semiconductors2000i2c,
  title={The I2C-bus specification},
  author={Semiconductors, Philips},
  journal={Philips Semiconductors},
  volume={9397},
  number={750},
  pages={00954},
  year={2000}
}


% RPi, ARDUINO, etc:

@inproceedings{krinkin2015design,
  title={Design and implementation Raspberry Pi-based omni-wheel mobile robot},
  author={Krinkin, Kirill and Stotskaya, Elena and Stotskiy, Yury},
  booktitle={Artificial Intelligence and Natural Language and Information Extraction, Social Media and Web Search FRUCT Conference (AINL-ISMW FRUCT), 2015},
  pages={39--45},
  year={2015},
  organization={IEEE}
}

@inproceedings{prabha2014smart,
  title={Smart cloud robot using raspberry Pi},
  author={Prabha, S Sathya and Antony, A John Paul and Meena, M Janaki and Pandian, SR},
  booktitle={Recent Trends in Information Technology (ICRTIT), 2014 International Conference on},
  pages={1--5},
  year={2014},
  organization={IEEE}
}

@inproceedings{walter2012hardware,
  title={Hardware-Based Real-Time Simulation on the Raspberry Pi},
  author={Walter, J{\"o}rg and Fakih, Maher and Gr{\"u}ttner, Kim},
  booktitle={2nd. Workshop on Highperformance and Real-time Embedded Systems},
  year={2012}
}

@book{upton2014raspberry,
  title={Raspberry Pi user guide},
  author={Upton, Eben and Halfacree, Gareth},
  year={2014},
  publisher={John Wiley \& Sons}
}

@article{murikipudi2015performance,
  title={Performance analysis of real time operating system with general purpose operating system for mobile robotic system},
  author={Murikipudi, Akhilesh and Prakash, V and Vigneswaran, T},
  journal={Indian Journal of Science and Technology},
  volume={8},
  number={19},
  year={2015}
}

@inproceedings{shpektorov2017comparison,
  title={Comparison between methods for construction of the Kalman filter for inertial measurement module},
  author={Shpektorov, AG and Van Tuan, Pham},
  booktitle={Soft Computing and Measurements (SCM), 2017 XX IEEE International Conference on},
  pages={67--69},
  year={2017},
  organization={IEEE}
}

@article{han2014design,
  title={Design of Two-Wheeled Self-Balancing Robot Based on Sensor Fusion Algorithm},
  author={Han, Jianhai and Li, Xiangpan and Qin, Qi},
  journal={International journal of automation technology},
  volume={8},
  number={2},
  pages={216--221},
  year={2014},
  publisher={Fuji Technology Press Ltd.}
}

@inproceedings{deng2015three,
  title={Three-dimensional Trajectory Tracking System Based on Compass and Gyroscope},
  author={Deng, Jia Ming and Qiu, Jun Shuai and Zhong, Zhi Yuan and Wan, Zhi Ping},
  booktitle={International Conference on Education, Management, Commerce and Society},
  year={2015}
}

@article{li2014pedestrian,
  title={A Pedestrian Dead Reckoning System Integrating Low-Cost MEMS Inertial Sensors and GPS Receiver.},
  author={Li, Jin-feng and Wang, Qing-hui and Liu, Xiao-mei and Cao, Shun and Liu, Feng-long},
  journal={Journal of Engineering Science \& Technology Review},
  volume={7},
  number={2},
  year={2014}
}

@misc{MPU6050,
    author={Invensense},
    title={MPU6050},
    url={https://store.invensense.com/datasheets/invensense/MPU-6050_DataSheet_V3%204.pdf},
    note={revisão 3.4},
    publisher={Invensense Inc},
    year={2013}
}

@misc{omniwheel,
  author={Nexus},
  title ={58mm Plastic Omniwheel},
  url={http://www.nexusrobot.com/product/58mm-plastic-omni-wheel-for-lego-nxt-and-servo-motor-14135.html},
  note={acessado em 8/10/2017},
  publisher={Nexus Robot},
  year={2016}
}

@article{araujo2015integrating,
  title={Integrating Arduino-based educational mobile robots in ROS},
  author={Araujo, Andre and Portugal, David and Couceiro, Micael S and Rocha, Rui P},
  journal={Journal of Intelligent \& Robotic Systems},
  volume={77},
  number={2},
  pages={281--298},
  year={2015},
  publisher={Springer}
}

@inproceedings{su2016sensor,
  title={Sensor fusion algorithms for encoder resolution enhancement in educational mobile robots},
  author={Su, Juing-Huei and Lee, Chyi-Shyong and Chen, Chao-Wei},
  booktitle={Advanced Robotics and Intelligent Systems (ARIS), 2016 International Conference on},
  pages={1--5},
  year={2016},
  organization={IEEE}
}

% PROJETO MECÂNICO:

@misc{motor,
  title = {Specifications for 6V 210RPM DC Motor with Encoder and Geared Reduction.},
  howpublished = {\url{https://www.banggood.com/6V-210RPM-Encoder-Motor-DC-Gear-Motor-with-Mounting-Bracket-and-Wheel-p-1044064.html}},
  note = {Acessado em 03/10/2017},
  author = {Banggood.com},
  year = 2017
}

@misc{suporte,
  title = {Specifications for DC Motor Mounting Bracket.},
  howpublished = {\url{https://www.banggood.com/Fixed-Support-Mounting-Bracket-for-25GA-Encoder-Motor-p-1044065.html}},
  note = {Acessado em 03/10/2017},
  author = {Banggood.com},
  year = 2017
}

%%%% LIVROS:

@book{siciliano2016springer,
  title={Springer handbook of robotics},
  author={Siciliano, Bruno and Khatib, Oussama},
  year={2016},
  publisher={Springer}
}

@book{nise2011control,
  title={Control Systems Engineering},
  author={Nise, N.S.},
  isbn={9780470646120},
  lccn={2012359114},
  url={https://books.google.com.br/books?id=7sVfbwAACAAJ},
  year={2011},
  publisher={Wiley}
}

@book{craig2017introduction,
  title={Introduction to Robotics: Mechanics and Control},
  author={Craig, J.J.},
  isbn={9780133489798},
  lccn={2016058257},
  url={https://books.google.com.br/books?id=JblZuwAACAAJ},
  year={2017},
  publisher={Pearson}
}

@book{dorf2008modern,
  title={Modern Control Systems},
  author={Dorf, R.C. and Bishop, R.H.},
  isbn={9780132270281},
  lccn={2009419507},
  url={https://books.google.com.br/books?id=V-FpzJP5bEIC},
  year={2008},
  publisher={Pearson Prentice Hall}
}

@book{siegwart2011introduction,
  title={Introduction to Autonomous Mobile Robots},
  author={Siegwart, R. and Nourbakhsh, I.R. and Scaramuzza, D.},
  isbn={9780262015356},
  lccn={2010028053},
  series={Intelligent robotics and autonomous agents},
  url={https://books.google.com.br/books?id=4of6AQAAQBAJ},
  year={2011},
  publisher={MIT Press}
}

@book{spong2005robot,
  title={Robot Modeling and Control},
  author={Spong, M.W. and Hutchinson, S. and Vidyasagar, M.},
  isbn={9780471649908},
  lccn={2005054227},
  url={https://books.google.com.br/books?id=wGapQAAACAAJ},
  year={2005},
  publisher={Wiley}
}

@book{anderson2012optimal,
  title={Optimal Filtering},
  author={Anderson, B.D.O. and Moore, J.B.},
  isbn={9780486136899},
  series={Dover Books on Electrical Engineering},
  url={https://books.google.com.br/books?id=iYMqLQp49UMC},
  year={2012},
  publisher={Dover Publications}
}

@book{ogata2010modern,
  title={Modern Control Engineering},
  author={Ogata, K.},
  isbn={9780136156734},
  lccn={2010483801},
  series={Instrumentation and controls series},
  url={https://books.google.com.br/books?id=Wu5GpNAelzkC},
  year={2010},
  publisher={Prentice Hall}
}

@BOOK{probabilistic,
  TITLE = {Probabilistic Robotics},
  AUTHOR = {Thrun, S. and Burgard, W. and Fox, D.},
  YEAR = {2005},
  PUBLISHER = {MIT Press},
}

@book{lynch2017modern,
  title={Modern Robotics: Mechanics, Planning, and Control},
  author={Lynch, K.M. and Park, F.C.},
  isbn={9781316609842},
  url={https://books.google.com.br/books?id=86G0nQAACAAJ},
  year={2017},
  publisher={Cambridge University Press}
}

% Jie-Tong Zou (2011). The Development of the Omnidirectional Mobile Home Care Robot, Mobile Robots - Current Trends, Dr. Zoran Gacovski (Ed.), InTech, DOI: 10.5772/26767. Available from: https://www.intechopen.com/books/mobile-robots-current-trends/the-development-of-the-omnidirectional-mobile-home-care-robot
% Surachai Panich (2011). Development of Mobile Robot Based on I2C Bus System, Mobile Robots - Current Trends, Dr. Zoran Gacovski (Ed.), InTech, DOI: 10.5772/25516. Available from: https://www.intechopen.com/books/mobile-robots-current-trends/development-of-mobile-robot-based-on-i2c-bus-system
% Georgios A. Demetriou (2011). Mobile Robotics in Education and Research, Mobile Robots - Current Trends, Dr. Zoran Gacovski (Ed.), InTech, DOI: 10.5772/26295. Available from: https://www.intechopen.com/books/mobile-robots-current-trends/mobile-robotics-in-education-and-research
% Luis F. Lupián and Josué R. Rabadán-Martin (2011). LQR Control Methods for Trajectory Execution in Omnidirectional Mobile Robots, Recent Advances in Mobile Robotics, Dr. Andon Topalov (Ed.), InTech, DOI: 10.5772/25928. Available from: https://www.intechopen.com/books/recent-advances-in-mobile-robotics/lqr-control-methods-for-trajectory-execution-in-omnidirectional-mobile-robots
% Valeri Kroumov and Jianli Yu (2011). Neural Networks Based Path Planning and Navigation of Mobile Robots, Recent Advances in Mobile Robotics, Dr. Andon Topalov (Ed.), InTech, DOI: 10.5772/26889. Available from: https://www.intechopen.com/books/recent-advances-in-mobile-robotics/neural-networks-based-path-planning-and-navigation-of-mobile-robots
% Farouk Azizi and Nasser Houshangi (2011). Mobile Robot Position Determination, Recent Advances in Mobile Robotics, Dr. Andon Topalov (Ed.), InTech, DOI: 10.5772/26820. Available from: https://www.intechopen.com/books/recent-advances-in-mobile-robotics/mobile-robot-position-determination
% Alex Simpkins (2012). Real-Time Control in Robotic Systems, Robotic Systems - Applications, Control and Programming, Dr. Ashish Dutta (Ed.), InTech, DOI: 10.5772/27883. Available from: https://www.intechopen.com/books/robotic-systems-applications-control-and-programming/realtime-control-in-robotic-systems
